@incollection{lorenz2017deterministic,
  title={Deterministic nonperiodic flow 1},
  author={Lorenz, Edward N},
  booktitle={Universality in Chaos, 2nd edition},
  pages={367--378},
  year={2017},
  publisher={Routledge}
}
@article{shannon1948mathematical,
  title={A mathematical theory of communication},
  author={Shannon, Claude E},
  journal={The Bell system technical journal},
  volume={27},
  number={3},
  pages={379--423},
  year={1948},
  publisher={Nokia Bell Labs}
}
@article{kolmogorov1965three,
	title={Three approaches to the quantitative definition ofinformation’},
	author={Kolmogorov, Andrei N},
	journal={Problems of information transmission},
	volume={1},
	number={1},
	pages={1--7},
	year={1965}
}
@article{lopez1995statistical,
	title={A statistical measure of complexity},
	author={Lopez-Ruiz, Ricardo and Mancini, Hector L and Calbet, Xavier},
	journal={Physics letters A},
	volume={209},
	number={5-6},
	pages={321--326},
	year={1995},
	publisher={Elsevier}
}
@article{pincus1991approximate,
	title={Approximate entropy as a measure of system complexity.},
	author={Pincus, Steven M},
	journal={Proceedings of the national academy of sciences},
	volume={88},
	number={6},
	pages={2297--2301},
	year={1991}
}
@article{bandt2002permutation,
	title={Permutation entropy: a natural complexity measure for time series},
	author={Bandt, Christoph and Pompe, Bernd},
	journal={Physical review letters},
	volume={88},
	number={17},
	pages={174102},
	year={2002},
	publisher={APS}
}
@article{wolf1985determining,
	title={Determining Lyapunov exponents from a time series},
	author={Wolf, Alan and Swift, Jack B and Swinney, Harry L and Vastano, John A},
	journal={Physica D: nonlinear phenomena},
	volume={16},
	number={3},
	pages={285--317},
	year={1985},
	publisher={Elsevier}
}
@article{kraskov2004estimating,
	title={Estimating mutual information},
	author={Kraskov, Alexander and St{\"o}gbauer, Harald and Grassberger, Peter},
	journal={Physical Review E—Statistical, Nonlinear, and Soft Matter Physics},
	volume={69},
	number={6},
	pages={066138},
	year={2004},
	publisher={APS}
}
@article{PhysRevLett.85.461,
	title = {Measuring Information Transfer},
	author = {Schreiber, Thomas},
	journal = {Phys. Rev. Lett.},
	volume = {85},
	issue = {2},
	pages = {461--464},
	numpages = {0},
	year = {2000},
	month = {Jul},
	publisher = {American Physical Society},
	doi = {10.1103/PhysRevLett.85.461},
	url = {https://link.aps.org/doi/10.1103/PhysRevLett.85.461}
}
@article{yule1926nonsense,
	title={Why do we sometimes get nonsense-correlations between time-series?--A study in sampling and the nature of time-series},
	author={Yule, G. Udny},
	journal={Journal of the Royal Statistical Society},
	volume={89},
	number={1},
	pages={1--63},
	year={1926},
	publisher={JSTOR},
	doi={10.2307/2341482}
}
@article{HIGUCHI1988277,
	title = {Approach to an irregular time series on the basis of the fractal theory},
	journal = {Physica D: Nonlinear Phenomena},
	volume = {31},
	number = {2},
	pages = {277-283},
	year = {1988},
	issn = {0167-2789},
	doi = {https://doi.org/10.1016/0167-2789(88)90081-4},
	url = {https://www.sciencedirect.com/science/article/pii/0167278988900814},
	author = {T. Higuchi},
	abstract = {We present a technique to measure the fractal dimension of the set of points (t, f(t)) forming the graph of a function f defined on the unit interval. First we apply it to a fractional Brownian function [1] which has a property of self-similarity for all scales, and we can get the stable and precise fractal dimension. This technique is also applied to the observational data of natural phenomena. It does not show self-similarity all over the scale but has a different self-similarity across the characteristic time scale. The present method gives us a stable characteristic time scale as well as the fractal dimension.}
}
@article{kolmogorov1958new,
	title={A New Metric Invariant of Transient Dynamical Systems and Automorphisms in Lebesgue Spaces},
	author={Kolmogorov, Andrey N.},
	journal={Doklady Akademii Nauk SSSR},
	volume={119},
	number={5},
	pages={861--864},
	year={1958},
	doi={10.1007/BF01092974}
}
@article{sinai1959notion,
	title={On the Notion of Entropy of a Dynamical System},
	author={Sinai, Yakov G.},
	journal={Doklady Akademii Nauk SSSR},
	volume={124},
	number={4},
	pages={768--771},
	year={1959},
	doi={10.1007/BF01092975}
}
@inproceedings{renyi1961measures,
	title={On measures of entropy and information},
	author={R{\'e}nyi, Alfr{\'e}d},
	booktitle={Proceedings of the fourth Berkeley symposium on mathematical statistics and probability, volume 1: contributions to the theory of statistics},
	volume={4},
	pages={547--562},
	year={1961},
	organization={University of California Press}
}
@article{fadlallah2013weighted,
	title={Weighted-permutation entropy: A complexity measure for time series incorporating amplitude information},
	author={Fadlallah, Bilal and Chen, Badong and Keil, Andreas and Pr{\'\i}ncipe, Jos{\'e}},
	journal={Physical Review E—Statistical, Nonlinear, and Soft Matter Physics},
	volume={87},
	number={2},
	pages={022911},
	year={2013},
	publisher={APS}
}